@article{burgess2019monet,
title={MONet: Unsupervised Scene Decomposition and Representation},
author={Burgess, Chris P and others},
journal={arXiv preprint arXiv:1901.11390},
year={2019}
}

@article{greff2019iodine,
title={IODINE: Multi-object representation learning with iterative variational inference},
author={Greff, Klaus and others},
journal={arXiv preprint arXiv:1903.00450},
year={2019}
}

@article{locatello2020slot,
title={Object-centric learning with slot attention},
author={Locatello, Francesco and others},
journal={arXiv preprint arXiv:2006.15055},
year={2020}
}

@article{kirchhoff2018markov,
title={The Markov blankets of life},
author={Kirchhoff, Michael and others},
journal={J. R. Soc. Interface},
volume={15},
number={138},
year={2018}
}

@article{Kirchhoff2018,
title={The Markov blankets of life: autonomy, active inference and the free energy principle},
author={Kirchhoff, Michael D and Parr, Thomas and Palacios, Ester and Friston, Karl and Kiverstein, Julian},
journal={Journal of the Royal Society Interface},
volume={15},
number={138},
pages={20170792},
year={2018}
}

@article{ramstead2022bayesian,
title={Bayesian mechanics},
author={Ramstead, Maxwell JD and others},
journal={Neural Networks},
volume={154},
pages={592-609},
year={2022}
}

@article{salge2014empowerment,
title={Empowerment: a universal agent-centric measure of control},
author={Salge, Christoph and Glackin, Cornelius and Polani, Daniel},
journal={Proceedings of the 2013 IEEE Congress on Evolutionary Computation},
pages={2375-2383},
year={2014}
}

@article{bialek2001predictability,
title={Predictability, complexity, and learning},
author={Bialek, William and Nemenman, Ilya and Tishby, Naftali},
journal={Neural computation},
volume={13},
number={11},
pages={2409-2463},
year={2001}
}

@article{yang2018cooperation,
title={Cooperation percolation in spatial evolutionary games},
author={Yang, Yang and others},
journal={EPL (Europhysics Letters)},
volume={124},
number={4},
pages={48001},
year={2018}
}

@article{bonneaud2022coevolutionary,
title={Coevolutionary theory of hosts and parasites},
author={Bonneaud, Camille and Longdon, Ben},
journal={Proceedings of the Royal Society B},
volume={289},
number={1987},
pages={20211987},
year={2022}
}

@article{woolley2010evidence,
title={Evidence for a collective intelligence factor in the performance of human groups},
author={Woolley, Anita Williams and Chabris, Christopher F and Pentland, Alex and Hashmi, Nada and Malone, Thomas W},
journal={Science},
volume={330},
number={6004},
pages={686-688},
year={2010}
}

@article{yudkowsky2017functional,
title={Functional Decision Theory},
author={Yudkowsky, Eliezer and Soares, Nate},
journal={arXiv preprint arXiv:1710.05060},
year={2017}
}

@article{critch2020ai,
title={AI Research Considerations for Human Existential Safety (ARCHES)},
author={Critch, Andrew and Krueger, David},
journal={arXiv preprint arXiv:2006.04948},
year={2020}
}

@article{garrabrant2017logical,
title={Logical induction},
author={Garrabrant, Scott and Soares, Nate and Taylor, Jessica},
journal={arXiv preprint arXiv:1609.03543},
year={2017}
}

@article{albantakis2023integrated,
title={Integrated Information Theory 4.0},
author={Albantakis, Larissa and others},
journal={PLOS Computational Biology},
volume={19},
number={3},
year={2023}
}

@article{kolchinsky2018semantic,
title={Semantic Information},
author={Kolchinsky, Artemy and Wolpert, David H},
journal={Entropy},
volume={20},
number={11},
year={2018}
}

@article{kaplan2020scaling,
title={Scaling laws for neural language models},
author={Kaplan, Jared and others},
journal={arXiv preprint arXiv:2001.08361},
year={2020}
}

% Additional references from existing documents
@article{ConantAshby1970,
title={Every good regulator of a system must be a model of that system},
author={Conant, Roger C and Ashby, W Ross},
journal={International Journal of Systems Science},
volume={1},
number={2},
pages={89--97},
year={1970}
}

@article{Friston2010,
title={The free-energy principle: a unified brain theory?},
author={Friston, Karl},
journal={Nature Reviews Neuroscience},
volume={11},
number={2},
pages={127--138},
year={2010}
}

@inproceedings{NgRussell2000,
title={Algorithms for inverse reinforcement learning},
author={Ng, Andrew Y and Russell, Stuart J},
booktitle={Proceedings of ICML},
pages={663--670},
year={2000}
}

@inproceedings{Ziebart2008,
title={Maximum entropy inverse reinforcement learning},
author={Ziebart, Brian D and Maas, Andrew L and Bagnell, J Andrew and Dey, Anind K},
booktitle={Proceedings of AAAI},
pages={1433--1438},
year={2008}
}

@article{Hamilton1964,
title={The genetical evolution of social behaviour},
author={Hamilton, William D},
journal={Journal of Theoretical Biology},
volume={7},
number={1},
pages={1--16},
year={1964}
}

@article{Tishby2000IB,
title={The information bottleneck method},
author={Tishby, Naftali and Pereira, Fernando C and Bialek, William},
booktitle={Proceedings of Allerton Conference},
year={2000}
}

% UAD and related papers (self-references)
@article{uad2025,
title={Foundations of Unsupervised Agent Discovery in Raw Dynamical Systems},
author={Zarncke, Gunnar},
journal={AE Studio},
year={2025}
}

@article{abc2025,
title={Attractor Basins of Cooperation, Privacy, and Parasite Persistence},
author={Zarncke, Gunnar},
journal={AE Studio},
year={2025}
}

% Decision theory references  
@article{tdt2010,
title={Timeless Decision Theory},
author={Yudkowsky, Eliezer},
journal={Singularity Institute},
year={2010}
}

@article{fdt2017,
title={Functional Decision Theory: A New Theory of Instrumental Rationality},
author={Yudkowsky, Eliezer and Soares, Nate},
journal={arXiv preprint arXiv:1710.05060},
year={2017}
}

% Specialized references from bitwise_iq.tex
@article{miller2015,
title={Working memory capacity: Limits on the bandwidth of cognition},
author={Miller, Earl K and Buschman, Timothy J},
journal={Daedalus},
volume={144},
number={1},
pages={112--122},
year={2015}
}

@article{miller1956,
title={The magical number seven, plus or minus two: Some limits on our capacity for processing information},
author={Miller, George A},
journal={Psychological Review},
volume={63},
number={2},
pages={81--97},
year={1956}
}

@article{seidl2008,
title={Walking on inclines: how do desert ants monitor slope and step length},
author={Seidl, Thomas and Wehner, RÃ¼diger},
journal={Frontiers in Zoology},
volume={5},
number={8},
year={2008}
}

@article{gordon2020,
title={Movement, encounter rate, and collective behavior in ant colonies},
author={Gordon, Deborah M},
journal={Annals of the Entomological Society of America},
volume={114},
number={5},
pages={541--546},
year={2020}
}

@article{tschinkel2011,
title={The organization of foraging in the fire ant, Solenopsis invicta},
author={Tschinkel, Walter R},
journal={Journal of Insect Science},
volume={11},
number={26},
year={2011}
}

% Free energy loops references
@article{friston2010free,
title={The free-energy principle: a unified brain theory?},
author={Friston, Karl},
journal={Nature Reviews Neuroscience},
volume={11},
number={2},
pages={127--138},
year={2010}
}

@article{guyenet2015co2,
title={Neural control of breathing and CO2 homeostasis},
author={Guyenet, Patrice G and Bayliss, Douglas A},
journal={Nature Reviews Neuroscience},
volume={16},
number={7},
pages={367--378},
year={2015}
}

@article{russell2019human,
title={Human Compatible: Artificial Intelligence and the Problem of Control},
author={Russell, Stuart},
publisher={Viking},
address={New York},
year={2019}
}



% Free energy loop specific references
@article{tan2016warm,
title={Warm-sensitive neurons that control body temperature},
author={Tan, Chia-Li and others},
journal={Nature},
volume={532},
number={7600},
pages={586-590},
year={2016}
}

@article{angelaki2022vestibular,
title={The head direction cell network: attractor dynamics underlying integrative computation},
author={Angelaki, Dora E and Laurens, Jean},
journal={eLife},
volume={11},
pages={e73266},
year={2022}
}

@article{white2022saccade,
title={Superior colliculus encodes visual saliency before the primary visual cortex},
author={White, Brian J and others},
journal={Proceedings of the National Academy of Sciences},
volume={119},
number={12},
pages={e2121642119},
year={2022}
}

@article{patton2023circadian,
title={The suprachiasmatic nucleus},
author={Patton, Andrew P and Hastings, Michael H},
journal={Current Biology},
volume={33},
number={15},
pages={R746-R750},
year={2023}
}

@article{karraza2024metabolic,
title={Metabolic coupling in the brain: neural-glial interactions in energy homeostasis},
author={Karraza-Samper, Nuria and others},
journal={Nature Neuroscience},
volume={27},
number={3},
pages={421-433},
year={2024}
}

@article{zhang2023pag,
title={The contribution of periaqueductal gray to pain and defensive behaviors},
author={Zhang, Haofang and others},
journal={Nature Reviews Neuroscience},
volume={24},
number={10},
pages={597-610},
year={2023}
}

@article{iadecola2023vascular,
title={Vascular cognitive impairment and dementia: JACC scientific statement},
author={Iadecola, Costantino and others},
journal={Journal of the American College of Cardiology},
volume={81},
number={16},
pages={1617-1641},
year={2023}
}

@article{freeman2023glial,
title={Evolving concepts of gliogenesis: a look way back and ahead to the next 25 years},
author={Freeman, Marc R and Rowitch, David H},
journal={Neuron},
volume={111},
number={3},
pages={297-311},
year={2023}
}

@article{koren2021immune,
title={Insular cortex neurons encode and retrieve specific immune responses},
author={Koren, Tamar and others},
journal={Cell},
volume={184},
number={23},
pages={6103-6116},
year={2021}
}

@article{popa2018cerebellum,
title={Cerebellum, predictions and errors},
author={Popa, Laurentiu S and Ebner, Timothy J},
journal={Frontiers in Cellular Neuroscience},
volume={12},
pages={524},
year={2018}
}

@article{clarke2022hpg,
title={Hypothalamic control of reproduction by gonadotropin-releasing hormone: recent advances},
author={Clarke, Iain J and Smith, Jeremy T},
journal={Nature Reviews Endocrinology},
volume={18},
number={9},
pages={573-589},
year={2022}
}

@article{sarter2023attention,
title={Cholinergic genetics of visual attention: human and mouse choline transporter capacity variants and attention},
author={Sarter, Martin and others},
journal={Biological Psychiatry},
volume={93},
number={4},
pages={331-339},
year={2023}
}

@article{gruber2022curiosity,
title={Post-learning hippocampal dynamics promote preferential retention of rewarding events},
author={Gruber, Matthias J and others},
journal={Neuron},
volume={110},
number={16},
pages={2635-2646},
year={2022}
}

@article{scholz2023rtpj,
title={Right temporoparietal junction contributions to theory of mind in autism: a developmental perspective},
author={Scholz, Johanna and others},
journal={Developmental Cognitive Neuroscience},
volume={61},
pages={101249},
year={2023}
} 